2007 3573
719 158 796 173 —-
879 151 916 187 0
993 163 1071 178 -.

206 257 345 309 Cum
382 259 520 308 mihi
563 271 741 310 autem
776 264 962 314 Florae
998 276 1208 318 nostrae
1235 267 1524 322 ubertatem
1560 287 1726 340 expo-

69 402 194 436 nere
233 399 492 437 statutum
530 406 650 438 cum
688 394 868 442 animo
906 404 958 443 et
985 395 1334 446 deliberatum
1363 400 1559 456 habeo:
1599 422 1718 471 gra-

70 525 121 564 ta
161 527 339 567 tamen
375 530 555 569 mente
591 522 868 571 fatendum
904 539 1124 587 censeo,
1163 543 1250 576 me
1282 531 1566 596 regionum
1610 537 1724 587 lon-

72 646 416 712 ginquiorum
471 651 841 717 cognitionem
904 653 1042 700 Viris
1098 654 1383 707 Praeclaris
1405 696 1421 722 ,
1474 662 1719 714 Domino

70 776 295 825 Doctori
330 789 487 843 atque
528 781 903 848 Physiologiae
937 782 1235 835 Professori
1267 788 1540 855 Ignatio
1571 792 1728 842 Dol-

71 905 324 971 linger,
368 918 418 955 et
458 926 484 957 a
515 909 766 960 Consiliis
803 914 1139 963 medicorum
1176 915 1363 983 Magni
1401 920 1574 969 Ducis
1611 921 1726 971 Do-

69 1034 218 1080 mino
242 1035 470 1085 Doctori
505 1038 849 1106 Philippo
886 1044 1185 1110 Iosepho
1224 1047 1505 1112 Horsch,
1545 1051 1609 1099 de
1639 1067 1728 1103 me

72 1167 303 1213 maxime
346 1167 579 1230 meritis,
620 1171 965 1234 potissimum
1004 1173 1222 1234 debere3
1295 1177 1357 1226 ab
1390 1179 1481 1237 illo
1514 1197 1730 1248 nempe,

72 1308 312 1356 quocum
351 1297 561 1361 saepius
600 1302 938 1352 excursiones
973 1306 1238 1356 botanicas
1260 1307 1537 1361 instituere
1557 1313 1730 1379 licuit,

76 1423 139 1470 ad
175 1426 414 1488 proxima
452 1445 561 1476 non
599 1432 771 1478 solum
794 1470 808 1494 ‚
871 1435 962 1482 sed
999 1437 1062 1484 ad
1098 1440 1384 1489 remotiora
1418 1443 1580 1491 etiam
1615 1444 1732 1494 loca

77 1552 267 1601 ductus
291 1591 304 1616 ‚
372 1555 433 1603 ab
469 1557 570 1607 hoc
606 1561 668 1607 ad
705 1563 1119 1629 perquirendas,
1187 1583 1317 1632 quas
1362 1570 1478 1634 ipse
1519 1569 1735 1632 juvenis

73 1684 434 1749 perquisivit,
473 1688 733 1755 regiones,
761 1692 1065 1755 plantarum
1106 1699 1316 1762 copiam
1356 1702 1734 1767 producentes,

79 1810 408 1877 exhortatus,
466 1817 752 1869 uberrimis
795 1825 1306 1892 saepissimfflflorae
1344 1803 1536 1895 opibus
1571 1831 1736 1884 dona-

74 1951 160 1990 tus
193 1958 434 1994 reversus
472 1963 611 2004 sum.

208 2072 421 2124 Plantas
462 2080 683 2142 paludes
723 2084 1016 2135 incolentes
1048 2104 1160 2138 non
1216 2092 1410 2143 multas
1458 2091 1735 2160 hucusque

75 2201 314 2267 proferre
352 2207 566 2268 quidem
594 2226 837 2278 possum,
876 2234 1126 2285 agrorum
1155 2222 1532 2291 sylvarumque
1553 2238 1734 2278 autem

76 2332 304 2380 cultores
341 2349 405 2381 eo
441 2337 617 2401 plures
657 2345 1014 2403 inveniemus.
1082 2352 1368 2403 Proximae
1404 2369 1602 2421 nempe
1639 2371 1735 2421 pa-

72 2459 268 2524 ludes,
328 2479 455 2527 quas
493 2469 636 2534 scio,
693 2485 819 2523 sunt
853 2476 919 2525 ad
965 2483 1285 2532 monasteria
1336 2483 1652 2533 Dettelbach
1685 2497 1738 2537 et

85 2585 447 2655 schwarzach,
491 2597 731 2650 minores
768 2603 825 2652 in
862 2615 1010 2670 parte
1062 2609 1374 2659 occidentali
1411 2613 1587 2716 sylvae
1623 2614 1739 2665 Zel-

81 2713 261 2817 lensis‚
299 2734 433 2784 quae
473 2739 593 2773 cum
630 2727 1018 2798 Irtenbergensi
1053 2734 1436 2832 conjungitur-3
1470 2751 1596 2789 sunt
1619 2741 1740 2829 qui·

83 2841 204 2891 dem
243 2856 387 2908 prata
420 2849 676 2911 paludosa
706 2865 825 2903 ante
864 2856 1010 2906 urbis
1047 2869 1228 2924 portas
1260 2866 1554 2943 nonnulla,
1603 2884 1651 2921 e.
1685 2886 1739 2939 g

79 2969 145 3020 ad
181 2972 345 3036 viam,
385 2991 517 3038 quae
538 2955 684 3028 ducit
720 2983 784 3032 ad
813 2984 1303 3054 Unter-Durrbach,
1341 2991 1406 3041 ad
1429 2993 1742 3046 Veitshoch-

20 3172 38 3176 Ἀ
87 3098 256 3168 heim,
293 3105 358 3154 ad
397 3105 884 3179 Wellriether-Hof‚
921 3125 1018 3166 cet.
1039 3152 1057 3179 ‚
1090 3119 1400 3185 producunt
1421 3139 1550 3174 vero
1583 3141 1736 3191 prae·

944 3197 993 3262 )(
1034 3198 1090 3264 )(
