<?xml version="1.0" encoding="UTF-8"?>
<!DOCTYPE html PUBLIC "-//W3C//DTD XHTML 1.0 Transitional//EN"
    "http://www.w3.org/TR/xhtml1/DTD/xhtml1-transitional.dtd">
<html xmlns="http://www.w3.org/1999/xhtml" xml:lang="en" lang="en">
 <head>
  <title>
</title>
<meta http-equiv="Content-Type" content="text/html;charset=utf-8" />
  <meta name='ocr-system' content='tesseract 3.04.00' />
  <meta name='ocr-capabilities' content='ocr_page ocr_carea ocr_par ocr_line ocrx_word'/>
</head>
<body>
  <div class='ocr_page' id='page_1' title='image "./primalineaeflora00lehm_0015.png"; bbox 0 0 2007 3573; ppageno 0'>
   <div class='ocr_carea' id='block_1_1' title="bbox 51 177 1728 3184">
    <p class='ocr_par' dir='ltr' id='par_1_1' title="bbox 51 177 1728 3184">
     <span class='ocr_line' id='line_1_1' title="bbox 718 177 1078 214; baseline 0.006 -12"><span class='ocrx_word' id='word_1_1' title='bbox 718 188 801 202; x_wconf 87' lang='lat'>.--</span> <span class='ocrx_word' id='word_1_2' title='bbox 882 177 918 214; x_wconf 89' lang='lat'>0</span> <span class='ocrx_word' id='word_1_3' title='bbox 1001 191 1078 204; x_wconf 85' lang='lat'>...-</span> 
     </span>
     <span class='ocr_line' id='line_1_2' title="bbox 56 287 1724 372; baseline 0.011 -37"><span class='ocrx_word' id='word_1_4' title='bbox 56 287 209 336; x_wconf 86' lang='lat' dir='ltr'>domi</span> <span class='ocrx_word' id='word_1_5' title='bbox 250 297 609 337; x_wconf 86' lang='lat' dir='ltr'>revertentem</span> <span class='ocrx_word' id='word_1_6' title='bbox 640 290 788 349; x_wconf 76' lang='lat' dir='ltr'>vidi3</span> <span class='ocrx_word' id='word_1_7' title='bbox 841 305 1109 357; x_wconf 83' lang='lat' dir='ltr'>praeterea</span> <span class='ocrx_word' id='word_1_8' title='bbox 1150 308 1329 346; x_wconf 79' lang='lat' dir='ltr'>autem</span> <span class='ocrx_word' id='word_1_9' title='bbox 1371 299 1499 349; x_wconf 83' lang='lat' dir='ltr'>fines</span> <span class='ocrx_word' id='word_1_10' title='bbox 1538 302 1724 372; x_wconf 77' lang='lat' dir='ltr'>Magni</span> 
     </span>
     <span class='ocr_line' id='line_1_3' title="bbox 52 416 1721 488; baseline 0.011 -23"><span class='ocrx_word' id='word_1_11' title='bbox 52 418 298 466; x_wconf 87' lang='lat' dir='ltr'>Ducatus</span> <span class='ocrx_word' id='word_1_12' title='bbox 341 416 797 488; x_wconf 85' lang='lat' dir='ltr'>Wirceburgensis</span> <span class='ocrx_word' id='word_1_13' title='bbox 830 439 941 472; x_wconf 86' lang='lat' dir='ltr'>non</span> <span class='ocrx_word' id='word_1_14' title='bbox 991 426 1063 474; x_wconf 88' lang='lat' dir='ltr'>ita</span> <span class='ocrx_word' id='word_1_15' title='bbox 1102 444 1129 475; x_wconf 91' lang='lat' dir='ltr'>a</span> <span class='ocrx_word' id='word_1_16' title='bbox 1167 439 1353 478; x_wconf 79' lang='lat' dir='ltr'>natura</span> <span class='ocrx_word' id='word_1_17' title='bbox 1392 431 1452 478; x_wconf 90' lang='lat' dir='ltr'>ab</span> <span class='ocrx_word' id='word_1_18' title='bbox 1492 433 1595 481; x_wconf 87' lang='lat' dir='ltr'>illis</span> <span class='ocrx_word' id='word_1_19' title='bbox 1640 451 1721 483; x_wconf 86' lang='lat' dir='ltr'>se-</span> 
     </span>
     <span class='ocr_line' id='line_1_4' title="bbox 51 513 1728 640; baseline 0.012 -46"><span class='ocrx_word' id='word_1_20' title='bbox 51 547 223 612; x_wconf 87' lang='lat' dir='ltr'>parati</span> <span class='ocrx_word' id='word_1_21' title='bbox 257 557 400 610; x_wconf 76' lang='lat' dir='ltr'>sunt,</span> <span class='ocrx_word' id='word_1_22' title='bbox 436 565 503 597; x_wconf 88' lang='lat' dir='ltr'>ne</span> <span class='ocrx_word' id='word_1_23' title='bbox 526 553 816 615; x_wconf 83' lang='lat' dir='ltr'>permultas</span> <span class='ocrx_word' id='word_1_24' title='bbox 842 556 1062 620; x_wconf 74' lang='lat' dir='ltr'>plantaS,</span> <span class='ocrx_word' id='word_1_25' title='bbox 1080 574 1208 620; x_wconf 88' lang='lat' dir='ltr'>quas</span> <span class='ocrx_word' id='word_1_26' title='bbox 1244 559 1320 609; x_wconf 86' lang='lat' dir='ltr'>Cl.</span> <span class='ocrx_word' id='word_1_27' title='bbox 1361 560 1458 610; x_wconf 88' lang='lat' dir='ltr'>Dr.</span> <span class='ocrx_word' id='word_1_28' title='bbox 1500 513 1728 640; x_wconf 54' lang='lat' dir='ltr'>110th</span> 
     </span>
     <span class='ocr_line' id='line_1_5' title="bbox 54 677 1715 745; baseline 0.012 -21"><span class='ocrx_word' id='word_1_29' title='bbox 54 677 161 725; x_wconf 87' lang='lat' dir='ltr'>illis</span> <span class='ocrx_word' id='word_1_30' title='bbox 197 690 553 743; x_wconf 86' lang='lat' dir='ltr'>annumerat,</span> <span class='ocrx_word' id='word_1_31' title='bbox 592 693 803 731; x_wconf 87' lang='lat' dir='ltr'>nostrae</span> <span class='ocrx_word' id='word_1_32' title='bbox 843 684 1002 734; x_wconf 82' lang='lat' dir='ltr'>florae</span> <span class='ocrx_word' id='word_1_33' title='bbox 1042 691 1466 741; x_wconf 87' lang='lat' dir='ltr'>annumerandas</span> <span class='ocrx_word' id='word_1_34' title='bbox 1506 710 1715 745; x_wconf 84' lang='lat' dir='ltr'>censea-</span> 
     </span>
     <span class='ocr_line' id='line_1_6' title="bbox 53 808 1719 888; baseline 0.012 -33"><span class='ocrx_word' id='word_1_35' title='bbox 53 824 190 859; x_wconf 87' lang='lat' dir='ltr'>mus.</span> <span class='ocrx_word' id='word_1_36' title='bbox 263 808 399 858; x_wconf 83' lang='lat' dir='ltr'>Sunt</span> <span class='ocrx_word' id='word_1_37' title='bbox 437 811 689 876; x_wconf 84' lang='lat' dir='ltr'>quidem,</span> <span class='ocrx_word' id='word_1_38' title='bbox 750 831 877 877; x_wconf 78' lang='lat' dir='ltr'>quas</span> <span class='ocrx_word' id='word_1_39' title='bbox 912 820 1180 880; x_wconf 82' lang='lat' dir='ltr'>proximas</span> <span class='ocrx_word' id='word_1_40' title='bbox 1233 837 1344 869; x_wconf 89' lang='lat' dir='ltr'>non</span> <span class='ocrx_word' id='word_1_41' title='bbox 1394 826 1719 888; x_wconf 84' lang='lat' dir='ltr'>reperimus;</span> 
     </span>
     <span class='ocr_line' id='line_1_7' title="bbox 56 938 1717 1018; baseline 0.011 -32"><span class='ocrx_word' id='word_1_42' title='bbox 56 938 372 987; x_wconf 85' lang='lat' dir='ltr'><strong>decedamus</strong></span> <span class='ocrx_word' id='word_1_43' title='bbox 405 956 532 987; x_wconf 85' lang='lat' dir='ltr'>vero</span> <span class='ocrx_word' id='word_1_44' title='bbox 571 943 733 1005; x_wconf 85' lang='lat' dir='ltr'>paulo</span> <span class='ocrx_word' id='word_1_45' title='bbox 771 945 1118 1013; x_wconf 79' lang='lat' dir='ltr'>longinquius</span> <span class='ocrx_word' id='word_1_46' title='bbox 1159 950 1219 999; x_wconf 88' lang='lat' dir='ltr'>ab</span> <span class='ocrx_word' id='word_1_47' title='bbox 1255 952 1385 1000; x_wconf 87' lang='lat' dir='ltr'>urbe</span> <span class='ocrx_word' id='word_1_48' title='bbox 1424 966 1624 1018; x_wconf 85' lang='lat' dir='ltr'>nostra,</span> <span class='ocrx_word' id='word_1_49' title='bbox 1664 968 1717 1006; x_wconf 89' lang='lat' dir='ltr'>et</span> 
     </span>
     <span class='ocr_line' id='line_1_8' title="bbox 57 1067 1726 1152; baseline 0.011 -34"><span class='ocrx_word' id='word_1_50' title='bbox 57 1067 336 1133; x_wconf 84' lang='lat' dir='ltr'>majorem,</span> <span class='ocrx_word' id='word_1_51' title='bbox 375 1081 567 1119; x_wconf 77' lang='lat' dir='ltr'>aestate</span> <span class='ocrx_word' id='word_1_52' title='bbox 602 1085 801 1136; x_wconf 80' lang='lat' dir='ltr'>exacta,</span> <span class='ocrx_word' id='word_1_53' title='bbox 838 1080 1100 1128; x_wconf 83' lang='lat' dir='ltr'>rariorum</span> <span class='ocrx_word' id='word_1_54' title='bbox 1141 1083 1443 1146; x_wconf 85' lang='lat' dir='ltr'>plantarum</span> <span class='ocrx_word' id='word_1_55' title='bbox 1496 1088 1726 1152; x_wconf 76' lang='lat' dir='ltr'>copiam,</span> 
     </span>
     <span class='ocr_line' id='line_1_9' title="bbox 56 1202 1718 1274; baseline 0.012 -25"><span class='ocrx_word' id='word_1_56' title='bbox 56 1217 214 1267; x_wconf 87' lang='lat' dir='ltr'>quam</span> <span class='ocrx_word' id='word_1_57' title='bbox 255 1202 367 1249; x_wconf 86' lang='lat' dir='ltr'>ullo</span> <span class='ocrx_word' id='word_1_58' title='bbox 408 1202 526 1249; x_wconf 87' lang='lat' dir='ltr'>loco</span> <span class='ocrx_word' id='word_1_59' title='bbox 564 1204 912 1268; x_wconf 83' lang='lat' dir='ltr'>reperiemus,</span> <span class='ocrx_word' id='word_1_60' title='bbox 949 1208 1012 1255; x_wconf 88' lang='lat' dir='ltr'>de</span> <span class='ocrx_word' id='word_1_61' title='bbox 1038 1211 1230 1274; x_wconf 85' lang='lat' dir='ltr'>quibus</span> <span class='ocrx_word' id='word_1_62' title='bbox 1270 1230 1391 1262; x_wconf 86' lang='lat' dir='ltr'>cum</span> <span class='ocrx_word' id='word_1_63' title='bbox 1427 1217 1607 1265; x_wconf 83' lang='lat' dir='ltr'>amicis</span> <span class='ocrx_word' id='word_1_64' title='bbox 1631 1235 1718 1272; x_wconf 70' lang='lat' dir='ltr'>co,-</span> 
     </span>
     <span class='ocr_line' id='line_1_10' title="bbox 56 1332 1721 1399; baseline 0.008 -19"><span class='ocrx_word' id='word_1_65' title='bbox 56 1332 368 1381; x_wconf 84' lang='lat' dir='ltr'>mitantibus</span> <span class='ocrx_word' id='word_1_66' title='bbox 405 1334 518 1397; x_wconf 88' lang='lat' dir='ltr'>ipse</span> <span class='ocrx_word' id='word_1_67' title='bbox 555 1335 859 1398; x_wconf 78' lang='lat' dir='ltr'>saepissime</span> <span class='ocrx_word' id='word_1_68' title='bbox 893 1340 1085 1387; x_wconf 75' lang='lat' dir='ltr'>certior</span> <span class='ocrx_word' id='word_1_69' title='bbox 1122 1357 1241 1389; x_wconf 85' lang='lat' dir='ltr'>sum</span> <span class='ocrx_word' id='word_1_70' title='bbox 1282 1344 1541 1398; x_wconf 77' lang='lat' dir='ltr'>redditus.</span> <span class='ocrx_word' id='word_1_71' title='bbox 1636 1349 1721 1399; x_wconf 76' lang='lat' dir='ltr'>Ne</span> 
     </span>
     <span class='ocr_line' id='line_1_11' title="bbox 53 1464 1720 1542; baseline 0.01 -31"><span class='ocrx_word' id='word_1_72' title='bbox 53 1464 288 1511; x_wconf 87' lang='lat' dir='ltr'>nimium</span> <span class='ocrx_word' id='word_1_73' title='bbox 322 1464 516 1511; x_wconf 80' lang='lat' dir='ltr'>dixisse</span> <span class='ocrx_word' id='word_1_74' title='bbox 553 1465 753 1527; x_wconf 86' lang='lat' dir='ltr'>videar,</span> <span class='ocrx_word' id='word_1_75' title='bbox 789 1481 920 1533; x_wconf 84' lang='lat' dir='ltr'>rogo</span> <span class='ocrx_word' id='word_1_76' title='bbox 959 1479 1116 1532; x_wconf 84' lang='lat' dir='ltr'>atque</span> <span class='ocrx_word' id='word_1_77' title='bbox 1168 1483 1293 1536; x_wconf 85' lang='lat' dir='ltr'>peto</span> <span class='ocrx_word' id='word_1_78' title='bbox 1330 1477 1720 1542; x_wconf 81' lang='lat' dir='ltr'>permigrantes</span> 
     </span>
     <span class='ocr_line' id='line_1_12' title="bbox 52 1596 1726 1675; baseline 0.01 -33"><span class='ocrx_word' id='word_1_79' title='bbox 52 1609 268 1642; x_wconf 88' lang='lat' dir='ltr'>mecum</span> <span class='ocrx_word' id='word_1_80' title='bbox 307 1609 460 1660; x_wconf 83' lang='lat' dir='ltr'>agros</span> <span class='ocrx_word' id='word_1_81' title='bbox 485 1631 501 1657; x_wconf 90' lang='lat'>,</span> <span class='ocrx_word' id='word_1_82' title='bbox 540 1596 749 1658; x_wconf 83' lang='lat' dir='ltr'>sylvas,</span> <span class='ocrx_word' id='word_1_83' title='bbox 787 1612 1041 1662; x_wconf 79' lang='lat' dir='ltr'>nemora,</span> <span class='ocrx_word' id='word_1_84' title='bbox 1076 1601 1327 1665; x_wconf 78' lang='lat' dir='ltr'>paludes,</span> <span class='ocrx_word' id='word_1_85' title='bbox 1368 1620 1468 1653; x_wconf 85' lang='lat' dir='ltr'>nos</span> <span class='ocrx_word' id='word_1_86' title='bbox 1513 1622 1726 1675; x_wconf 74' lang='lat' dir='ltr'>semper</span> 
     </span>
     <span class='ocr_line' id='line_1_13' title="bbox 63 1725 1726 1799; baseline 0.01 -26"><span class='ocrx_word' id='word_1_87' title='bbox 63 1725 332 1774; x_wconf 85' lang='lat' dir='ltr'>rariorum</span> <span class='ocrx_word' id='word_1_88' title='bbox 392 1725 643 1790; x_wconf 84' lang='lat' dir='ltr'>stirpium</span> <span class='ocrx_word' id='word_1_89' title='bbox 689 1727 872 1792; x_wconf 85' lang='lat' dir='ltr'>plures</span> <span class='ocrx_word' id='word_1_90' title='bbox 926 1731 1239 1799; x_wconf 78' lang='lat' dir='ltr'>collegisse,</span> <span class='ocrx_word' id='word_1_91' title='bbox 1301 1734 1403 1799; x_wconf 88' lang='lat' dir='ltr'>ipsi</span> <span class='ocrx_word' id='word_1_92' title='bbox 1448 1745 1726 1793; x_wconf 85' lang='lat' dir='ltr'>testentur.</span> 
     </span>
     <span class='ocr_line' id='line_1_14' title="bbox 53 1854 1718 1934; baseline 0.01 -30"><span class='ocrx_word' id='word_1_93' title='bbox 53 1856 179 1927; x_wconf 83' lang='lat' dir='ltr'>Quo</span> <span class='ocrx_word' id='word_1_94' title='bbox 237 1872 364 1924; x_wconf 87' lang='lat' dir='ltr'>ergo</span> <span class='ocrx_word' id='word_1_95' title='bbox 417 1854 534 1918; x_wconf 84' lang='lat' dir='ltr'>jure</span> <span class='ocrx_word' id='word_1_96' title='bbox 589 1859 896 1923; x_wconf 85' lang='lat' dir='ltr'>provinciae</span> <span class='ocrx_word' id='word_1_97' title='bbox 947 1873 1154 1911; x_wconf 86' lang='lat' dir='ltr'>nostrae</span> <span class='ocrx_word' id='word_1_98' title='bbox 1209 1865 1459 1931; x_wconf 87' lang='lat' dir='ltr'>stirpium</span> <span class='ocrx_word' id='word_1_99' title='bbox 1491 1873 1718 1934; x_wconf 64' lang='lat' dir='ltr'>penuria</span> 
     </span>
     <span class='ocr_line' id='line_1_15' title="bbox 53 1987 1622 2062; baseline 0.01 -28"><span class='ocrx_word' id='word_1_100' title='bbox 53 1987 347 2049; x_wconf 80' lang='lat' dir='ltr'>addicatur,</span> <span class='ocrx_word' id='word_1_101' title='bbox 382 1987 531 2035; x_wconf 88' lang='lat' dir='ltr'>nullo</span> <span class='ocrx_word' id='word_1_102' title='bbox 569 1988 733 2037; x_wconf 88' lang='lat' dir='ltr'>modo</span> <span class='ocrx_word' id='word_1_103' title='bbox 767 1992 1061 2041; x_wconf 84' lang='lat' dir='ltr'>accuratius</span> <span class='ocrx_word' id='word_1_104' title='bbox 1095 1995 1344 2045; x_wconf 85' lang='lat' dir='ltr'>evolvere</span> <span class='ocrx_word' id='word_1_105' title='bbox 1381 2014 1622 2062; x_wconf 86' lang='lat' dir='ltr'>possum.</span> 
     </span>
     <span class='ocr_line' id='line_1_16' title="bbox 184 2118 1716 2196; baseline 0.014 -31"><span class='ocrx_word' id='word_1_106' title='bbox 184 2118 370 2185; x_wconf 85' lang='lat' dir='ltr'>Longe</span> <span class='ocrx_word' id='word_1_107' title='bbox 406 2129 586 2167; x_wconf 87' lang='lat' dir='ltr'>autem</span> <span class='ocrx_word' id='word_1_108' title='bbox 623 2119 842 2184; x_wconf 85' lang='lat' dir='ltr'>absum,</span> <span class='ocrx_word' id='word_1_109' title='bbox 902 2122 1110 2186; x_wconf 83' lang='lat' dir='ltr'>plantas</span> <span class='ocrx_word' id='word_1_110' title='bbox 1148 2125 1280 2176; x_wconf 87' lang='lat' dir='ltr'>circa</span> <span class='ocrx_word' id='word_1_111' title='bbox 1330 2127 1716 2196; x_wconf 73' lang='lat' dir='ltr'>Suevoi‘ortum</span> 
     </span>
     <span class='ocr_line' id='line_1_17' title="bbox 54 2248 1721 2325; baseline 0.009 -25"><span class='ocrx_word' id='word_1_112' title='bbox 54 2260 115 2307; x_wconf 69' lang='lat' dir='ltr'>et,</span> <span class='ocrx_word' id='word_1_113' title='bbox 150 2248 548 2299; x_wconf 86' lang='lat' dir='ltr'>Werthemium</span> <span class='ocrx_word' id='word_1_114' title='bbox 600 2263 789 2316; x_wconf 85' lang='lat' dir='ltr'>sponte</span> <span class='ocrx_word' id='word_1_115' title='bbox 818 2264 1092 2303; x_wconf 84' lang='lat' dir='ltr'>nascentes</span> <span class='ocrx_word' id='word_1_116' title='bbox 1131 2271 1389 2323; x_wconf 84' lang='lat' dir='ltr'>enarrare,</span> <span class='ocrx_word' id='word_1_117' title='bbox 1425 2276 1548 2312; x_wconf 87' lang='lat' dir='ltr'>cum</span> <span class='ocrx_word' id='word_1_118' title='bbox 1582 2265 1721 2325; x_wconf 73' lang='lat' dir='ltr'>mihi</span> 
     </span>
     <span class='ocr_line' id='line_1_18' title="bbox 56 2380 1723 2454; baseline 0.011 -25"><span class='ocrx_word' id='word_1_119' title='bbox 56 2395 156 2429; x_wconf 83' lang='lat' dir='ltr'>nec</span> <span class='ocrx_word' id='word_1_120' title='bbox 195 2380 343 2429; x_wconf 85' lang='lat' dir='ltr'>locus</span> <span class='ocrx_word' id='word_1_121' title='bbox 377 2382 742 2448; x_wconf 87' lang='lat' dir='ltr'>permigrandi</span> <span class='ocrx_word' id='word_1_122' title='bbox 778 2385 932 2434; x_wconf 84' lang='lat' dir='ltr'>hasce</span> <span class='ocrx_word' id='word_1_123' title='bbox 967 2386 1211 2453; x_wconf 85' lang='lat' dir='ltr'>regiones</span> <span class='ocrx_word' id='word_1_124' title='bbox 1249 2388 1384 2454; x_wconf 88' lang='lat' dir='ltr'>fuit,</span> <span class='ocrx_word' id='word_1_125' title='bbox 1436 2408 1535 2442; x_wconf 89' lang='lat' dir='ltr'>nec</span> <span class='ocrx_word' id='word_1_126' title='bbox 1566 2396 1723 2449; x_wconf 78' lang='lat' dir='ltr'>hasce</span> 
     </span>
     <span class='ocr_line' id='line_1_19' title="bbox 55 2499 1719 2587; baseline 0.008 -25"><span class='ocrx_word' id='word_1_127' title='bbox 55 2527 371 2562; x_wconf 81' lang='lat' dir='ltr'>enumerare</span> <span class='ocrx_word' id='word_1_128' title='bbox 417 2515 714 2578; x_wconf 83' lang='lat' dir='ltr'>proposui:</span> <span class='ocrx_word' id='word_1_129' title='bbox 780 2516 873 2564; x_wconf 84' lang='lat' dir='ltr'>sed</span> <span class='ocrx_word' id='word_1_130' title='bbox 928 2515 1177 2582; x_wconf 80' lang='lat' dir='ltr'>sufficiat,</span> <span class='ocrx_word' id='word_1_131' title='bbox 1233 2520 1366 2584; x_wconf 88' lang='lat' dir='ltr'>illas,</span> <span class='ocrx_word' id='word_1_132' title='bbox 1417 2539 1545 2587; x_wconf 89' lang='lat' dir='ltr'>quas</span> <span class='ocrx_word' id='word_1_133' title='bbox 1582 2499 1719 2587; x_wconf 65' lang='lat' dir='ltr'>duee</span> 
     </span>
     <span class='ocr_line' id='line_1_20' title="bbox 53 2604 1720 2718; baseline 0.008 -25"><span class='ocrx_word' id='word_1_134' title='bbox 53 2604 147 2693; x_wconf 54' lang='lat' dir='ltr'>CI:</span> <span class='ocrx_word' id='word_1_135' title='bbox 172 2643 408 2693; x_wconf 87' lang='lat' dir='ltr'>Doctore</span> <span class='ocrx_word' id='word_1_136' title='bbox 430 2643 654 2694; x_wconf 84' lang='lat' dir='ltr'>Wolff</span> <span class='ocrx_word' id='word_1_137' title='bbox 685 2645 1113 2713; x_wconf 83' lang='lat' dir='ltr'>Suevofortensi,</span> <span class='ocrx_word' id='word_1_138' title='bbox 1144 2649 1185 2698; x_wconf 91' lang='lat' dir='ltr'>F</span> <span class='ocrx_word' id='word_1_139' title='bbox 1188 2655 1467 2709; x_wconf 76' lang='lat' dir='ltr'>ranconiae</span> <span class='ocrx_word' id='word_1_140' title='bbox 1493 2657 1720 2718; x_wconf 74' lang='lat' dir='ltr'>rariores</span> 
     </span>
     <span class='ocr_line' id='line_1_21' title="bbox 56 2760 1717 2855; baseline 0.008 -31"><span class='ocrx_word' id='word_1_141' title='bbox 56 2775 246 2842; x_wconf 80' lang='lat' dir='ltr'>carpsi,-</span> <span class='ocrx_word' id='word_1_142' title='bbox 281 2775 582 2855; x_wconf 75' lang='lat' dir='ltr'>nominare,</span> <span class='ocrx_word' id='word_1_143' title='bbox 618 2788 702 2841; x_wconf 90' lang='lat' dir='ltr'>ut,</span> <span class='ocrx_word' id='word_1_144' title='bbox 736 2779 830 2843; x_wconf 86' lang='lat' dir='ltr'>qui</span> <span class='ocrx_word' id='word_1_145' title='bbox 864 2795 950 2829; x_wconf 86' lang='lat' dir='ltr'>eas</span> <span class='ocrx_word' id='word_1_146' title='bbox 993 2760 1108 2845; x_wconf 85' lang='lat' dir='ltr'>ipse</span> <span class='ocrx_word' id='word_1_147' title='bbox 1140 2781 1316 2849; x_wconf 88' lang='lat' dir='ltr'>legere</span> <span class='ocrx_word' id='word_1_148' title='bbox 1338 2785 1554 2849; x_wconf 80' lang='lat' dir='ltr'>cupiat,</span> <span class='ocrx_word' id='word_1_149' title='bbox 1593 2786 1717 2846; x_wconf 69' lang='lat' dir='ltr'>faci-</span> 
     </span>
     <span class='ocr_line' id='line_1_22' title="bbox 53 2898 1570 2979; baseline 0.009 -26"><span class='ocrx_word' id='word_1_150' title='bbox 53 2905 160 2954; x_wconf 87' lang='lat' dir='ltr'>lius</span> <span class='ocrx_word' id='word_1_151' title='bbox 197 2905 440 2955; x_wconf 79' lang='lat' dir='ltr'>invenire</span> <span class='ocrx_word' id='word_1_152' title='bbox 480 2919 652 2974; x_wconf 84' lang='lat' dir='ltr'>queat.</span> <span class='ocrx_word' id='word_1_153' title='bbox 723 2898 863 2960; x_wconf 70' lang='lat' dir='ltr'>Sunt</span> <span class='ocrx_word' id='word_1_154' title='bbox 899 2927 1094 2978; x_wconf 87' lang='lat' dir='ltr'>nempe</span> <span class='ocrx_word' id='word_1_155' title='bbox 1127 2911 1228 2962; x_wconf 87' lang='lat' dir='ltr'>hae</span> <span class='ocrx_word' id='word_1_156' title='bbox 1262 2926 1570 2979; x_wconf 72' lang='lat' dir='ltr'>sequentes:</span> 
     </span>
     <span class='ocr_line' id='line_1_23' title="bbox 53 3037 1595 3184; baseline 0.006 -96"><span class='ocrx_word' id='word_1_157' title='bbox 53 3037 256 3088; x_wconf 75' lang='lat' dir='ltr'>Bromus</span> <span class='ocrx_word' id='word_1_158' title='bbox 286 3042 546 3105; x_wconf 78' lang='lat' dir='ltr'>gigantem.</span> <span class='ocrx_word' id='word_1_159' title='bbox 879 3041 899 3184; x_wconf 75' lang='grc' dir='ltr'>Ι</span> <span class='ocrx_word' id='word_1_160' title='bbox 967 3045 1062 3093; x_wconf 88' lang='lat' dir='ltr'>Poa</span> <span class='ocrx_word' id='word_1_161' title='bbox 1099 3044 1352 3105; x_wconf 79' lang='lat' dir='ltr'>Paradoxa</span> <span class='ocrx_word' id='word_1_162' title='bbox 1387 3045 1595 3099; x_wconf 73' lang='lat' dir='ltr'>Wolfii.</span> 
     </span>
    </p>
   </div>
   <div class='ocr_carea' id='block_1_2' title="bbox 52 3167 1479 3245">
    <p class='ocr_par' dir='ltr' id='par_1_2' title="bbox 52 3167 1479 3245">
     <span class='ocr_line' id='line_1_24' title="bbox 52 3167 1479 3245; baseline 0.009 -28"><span class='ocrx_word' id='word_1_163' title='bbox 52 3167 177 3231; x_wconf 14' lang='lat' dir='ltr'>Agita,</span> <span class='ocrx_word' id='word_1_164' title='bbox 212 3184 464 3230; x_wconf 64' lang='lat' dir='ltr'>canescens.</span> <span class='ocrx_word' id='word_1_165' title='bbox 880 3190 897 3242; x_wconf 55' lang='grc' dir='ltr'>Ι</span> <span class='ocrx_word' id='word_1_166' title='bbox 964 3173 1189 3233; x_wconf 78' lang='lat' dir='ltr'>Schoenus</span> <span class='ocrx_word' id='word_1_167' title='bbox 1225 3178 1479 3245; x_wconf 72' lang='lat' dir='ltr'>nigricans.</span> 
     </span>
    </p>
   </div>
  </div>
 </body>
</html>
