<?xml version="1.0" encoding="UTF-8"?>
<!DOCTYPE html PUBLIC "-//W3C//DTD XHTML 1.0 Transitional//EN"
    "http://www.w3.org/TR/xhtml1/DTD/xhtml1-transitional.dtd">
<html xmlns="http://www.w3.org/1999/xhtml" xml:lang="en" lang="en">
 <head>
  <title>
</title>
<meta http-equiv="Content-Type" content="text/html;charset=utf-8" />
  <meta name='ocr-system' content='tesseract 3.04.00' />
  <meta name='ocr-capabilities' content='ocr_page ocr_carea ocr_par ocr_line ocrx_word'/>
</head>
<body>
  <div class='ocr_page' id='page_1' title='image "./primalineaeflora00lehm_0018.png"; bbox 0 0 2007 3573; ppageno 0'>
   <div class='ocr_carea' id='block_1_1' title="bbox 925 172 1278 207">
    <p class='ocr_par' dir='ltr' id='par_1_1' title="bbox 925 172 1278 207">
     <span class='ocr_line' id='line_1_1' title="bbox 925 172 1278 207; baseline 0.006 -12"><span class='ocrx_word' id='word_1_1' title='bbox 925 172 1278 207; x_wconf 78' lang='lat'>—0---</span> 
     </span>
    </p>
   </div>
   <div class='ocr_carea' id='block_1_2' title="bbox 225 284 1944 2734">
    <p class='ocr_par' dir='ltr' id='par_1_2' title="bbox 286 284 1938 807">
     <span class='ocr_line' id='line_1_2' title="bbox 286 284 1932 352; baseline -0.001 -18"><span class='ocrx_word' id='word_1_2' title='bbox 286 285 468 334; x_wconf 72' lang='lat' dir='ltr'><strong>sertim</strong></span> <span class='ocrx_word' id='word_1_3' title='bbox 506 284 753 335; x_wconf 76' lang='lat' dir='ltr'><strong>Carinum</strong></span> <span class='ocrx_word' id='word_1_4' title='bbox 784 284 1207 352; x_wconf 16' lang='lat' dir='ltr'><strong>&gt;graminumque</strong></span> <span class='ocrx_word' id='word_1_5' title='bbox 1246 287 1470 352; x_wconf 83' lang='lat' dir='ltr'><strong>copiam,</strong></span> <span class='ocrx_word' id='word_1_6' title='bbox 1497 301 1625 352; x_wconf 84' lang='lat' dir='ltr'><strong>quas</strong></span> <span class='ocrx_word' id='word_1_7' title='bbox 1648 285 1782 347; x_wconf 81' lang='lat' dir='ltr'><strong>loco,</strong></span> <span class='ocrx_word' id='word_1_8' title='bbox 1824 300 1932 349; x_wconf 87' lang='lat' dir='ltr'><strong>quo</strong></span> 
     </span>
     <span class='ocr_line' id='line_1_3' title="bbox 289 397 1936 466; baseline 0 -21"><span class='ocrx_word' id='word_1_9' title='bbox 289 397 473 461; x_wconf 86' lang='lat' dir='ltr'><strong>decet,</strong></span> <span class='ocrx_word' id='word_1_10' title='bbox 514 399 743 466; x_wconf 83' lang='lat' dir='ltr'>alligavi,</span> <span class='ocrx_word' id='word_1_11' title='bbox 776 408 1042 464; x_wconf 82' lang='lat' dir='ltr'><strong>praeterea</strong></span> <span class='ocrx_word' id='word_1_12' title='bbox 1065 402 1364 448; x_wconf 84' lang='lat' dir='ltr'><strong>Ranunculi</strong></span> <span class='ocrx_word' id='word_1_13' title='bbox 1400 402 1598 464; x_wconf 82' lang='lat' dir='ltr'><strong>species</strong></span> <span class='ocrx_word' id='word_1_14' title='bbox 1632 399 1936 461; x_wconf 82' lang='lat' dir='ltr'><strong>nonnullas,</strong></span> 
     </span>
     <span class='ocr_line' id='line_1_4' title="bbox 292 509 1936 578; baseline 0.002 -21"><span class='ocrx_word' id='word_1_15' title='bbox 292 509 538 559; x_wconf 83' lang='lat' dir='ltr'><strong>Caltham</strong></span> <span class='ocrx_word' id='word_1_16' title='bbox 579 513 887 577; x_wconf 81' lang='lat' dir='ltr'><strong>palustrem,</strong></span> <span class='ocrx_word' id='word_1_17' title='bbox 911 513 1281 578; x_wconf 74' lang='lat' dir='ltr'><strong>Carclaminem</strong></span> <span class='ocrx_word' id='word_1_18' title='bbox 1308 522 1626 577; x_wconf 79' lang='lat' dir='ltr'><strong>pratensem,</strong></span> <span class='ocrx_word' id='word_1_19' title='bbox 1649 514 1936 578; x_wconf 80' lang='lat' dir='ltr'><strong>pluresque</strong></span> 
     </span>
     <span class='ocr_line' id='line_1_5' title="bbox 288 622 1938 691; baseline 0.001 -20"><span class='ocrx_word' id='word_1_20' title='bbox 288 622 431 674; x_wconf 78' lang='lat' dir='ltr'><strong>alias,</strong></span> <span class='ocrx_word' id='word_1_21' title='bbox 500 623 714 675; x_wconf 82' lang='lat' dir='ltr'><strong>Praeter</strong></span> <span class='ocrx_word' id='word_1_22' title='bbox 769 626 924 675; x_wconf 84' lang='lat' dir='ltr'><strong>hasce</strong></span> <span class='ocrx_word' id='word_1_23' title='bbox 961 628 1138 691; x_wconf 80' lang='lat' dir='ltr'><strong>plures</strong></span> <span class='ocrx_word' id='word_1_24' title='bbox 1183 627 1398 689; x_wconf 80' lang='lat' dir='ltr'><strong>quidem</strong></span> <span class='ocrx_word' id='word_1_25' title='bbox 1451 627 1644 673; x_wconf 77' lang='lat' dir='ltr'><strong>adsunt</strong></span> <span class='ocrx_word' id='word_1_26' title='bbox 1699 625 1938 689; x_wconf 78' lang='lat' dir='ltr'><strong>paludes,</strong></span> 
     </span>
     <span class='ocr_line' id='line_1_6' title="bbox 293 738 1904 807; baseline 0.001 -24"><span class='ocrx_word' id='word_1_27' title='bbox 293 751 423 800; x_wconf 82' lang='lat' dir='ltr'><strong>quas</strong></span> <span class='ocrx_word' id='word_1_28' title='bbox 460 754 586 787; x_wconf 85' lang='lat' dir='ltr'><strong>vero</strong></span> <span class='ocrx_word' id='word_1_29' title='bbox 619 741 1025 807; x_wconf 78' lang='lat' dir='ltr'>longinquitatis</span> <span class='ocrx_word' id='word_1_30' title='bbox 1062 756 1210 788; x_wconf 81' lang='lat' dir='ltr'><strong>causa</strong></span> <span class='ocrx_word' id='word_1_31' title='bbox 1249 750 1572 803; x_wconf 67' lang='lat' dir='ltr'><strong>perscrutare</strong></span> <span class='ocrx_word' id='word_1_32' title='bbox 1599 755 1707 786; x_wconf 80' lang='lat' dir='ltr'><strong>non</strong></span> <span class='ocrx_word' id='word_1_33' title='bbox 1734 738 1904 789; x_wconf 54' lang='lat' dir='ltr'><strong>licuit:⁴</strong></span> 
     </span>
    </p>

    <p class='ocr_par' dir='ltr' id='par_1_3' title="bbox 283 849 1941 1370">
     <span class='ocr_line' id='line_1_7' title="bbox 419 849 1939 918; baseline 0.002 -22"><span class='ocrx_word' id='word_1_34' title='bbox 419 849 739 915; x_wconf 79' lang='lat' dir='ltr'>Priusquam</span> <span class='ocrx_word' id='word_1_35' title='bbox 779 854 1237 901; x_wconf 66' lang='lat' dir='ltr'>enumerationem</span> <span class='ocrx_word' id='word_1_36' title='bbox 1269 855 1515 917; x_wconf 65' lang='lat' dir='ltr'><strong>stirpium</strong></span> <span class='ocrx_word' id='word_1_37' title='bbox 1556 854 1726 916; x_wconf 79' lang='lat' dir='ltr'><strong>ipsam</strong></span> <span class='ocrx_word' id='word_1_38' title='bbox 1756 868 1939 918; x_wconf 78' lang='lat' dir='ltr'><strong>aggre-</strong></span> 
     </span>
     <span class='ocr_line' id='line_1_8' title="bbox 289 961 1941 1027; baseline 0.002 -18"><span class='ocrx_word' id='word_1_39' title='bbox 289 961 424 1024; x_wconf 80' lang='lat' dir='ltr'><strong>diar,</strong></span> <span class='ocrx_word' id='word_1_40' title='bbox 460 965 791 1012; x_wconf 81' lang='lat' dir='ltr'><strong>monendum</strong></span> <span class='ocrx_word' id='word_1_41' title='bbox 831 981 1044 1014; x_wconf 86' lang='lat' dir='ltr'><strong>censeo:</strong></span> <span class='ocrx_word' id='word_1_42' title='bbox 1113 983 1200 1012; x_wconf 79' lang='lat' dir='ltr'><strong>me</strong></span> <span class='ocrx_word' id='word_1_43' title='bbox 1237 984 1263 1013; x_wconf 83' lang='lat' dir='ltr'><strong>a</strong></span> <span class='ocrx_word' id='word_1_44' title='bbox 1302 966 1377 1016; x_wconf 85' lang='lat' dir='ltr'><strong>Cl.</strong></span> <span class='ocrx_word' id='word_1_45' title='bbox 1407 966 1625 1013; x_wconf 69' lang='lat' dir='ltr'><strong>Limraei</strong></span> <span class='ocrx_word' id='word_1_46' title='bbox 1659 976 1941 1027; x_wconf 74' lang='lat' dir='ltr'><strong>systemate</strong></span> 
     </span>
     <span class='ocr_line' id='line_1_9' title="bbox 283 1073 1940 1143; baseline 0.004 -22"><span class='ocrx_word' id='word_1_47' title='bbox 283 1073 561 1138; x_wconf 79' lang='lat' dir='ltr'><strong>aberrasse⁵</strong></span> <span class='ocrx_word' id='word_1_48' title='bbox 584 1078 950 1141; x_wconf 83' lang='lat' dir='ltr'><strong>normamque,</strong></span> <span class='ocrx_word' id='word_1_49' title='bbox 975 1095 1132 1143; x_wconf 85' lang='lat' dir='ltr'><strong>quam</strong></span> <span class='ocrx_word' id='word_1_50' title='bbox 1163 1078 1240 1127; x_wconf 85' lang='lat' dir='ltr'><strong>CI.</strong></span> <span class='ocrx_word' id='word_1_51' title='bbox 1263 1077 1501 1125; x_wconf 79' lang='lat' dir='ltr'><strong>Persoon</strong></span> <span class='ocrx_word' id='word_1_52' title='bbox 1541 1080 1597 1125; x_wconf 79' lang='lat' dir='ltr'><strong>in</strong></span> <span class='ocrx_word' id='word_1_53' title='bbox 1635 1078 1940 1127; x_wconf 74' lang='lat' dir='ltr'><strong>Plantarum</strong></span> 
     </span>
     <span class='ocr_line' id='line_1_10' title="bbox 284 1184 1931 1258; baseline 0.004 -24"><span class='ocrx_word' id='word_1_54' title='bbox 284 1184 518 1252; x_wconf 87' lang='lat' dir='ltr'><strong>Synopsi</strong></span> <span class='ocrx_word' id='word_1_55' title='bbox 556 1192 758 1254; x_wconf 81' lang='lat' dir='ltr'><strong>posuit,</strong></span> <span class='ocrx_word' id='word_1_56' title='bbox 794 1192 1043 1258; x_wconf 77' lang='lat' dir='ltr'><strong>elegisse,</strong></span> <span class='ocrx_word' id='word_1_57' title='bbox 1081 1207 1202 1237; x_wconf 82' lang='lat' dir='ltr'><strong>cum</strong></span> <span class='ocrx_word' id='word_1_58' title='bbox 1239 1191 1381 1237; x_wconf 64' lang='lat' dir='ltr'><strong>illam</strong></span> <span class='ocrx_word' id='word_1_59' title='bbox 1408 1192 1707 1253; x_wconf 75' lang='lat' dir='ltr'><strong>plautatum</strong></span> <span class='ocrx_word' id='word_1_60' title='bbox 1743 1192 1931 1241; x_wconf 82' lang='lat' dir='ltr'><strong>adum-</strong></span> 
     </span>
     <span class='ocr_line' id='line_1_11' title="bbox 286 1295 1489 1370; baseline 0.004 -23"><span class='ocrx_word' id='word_1_61' title='bbox 286 1295 517 1349; x_wconf 85' lang='lat' dir='ltr'><strong>brationi</strong></span> <span class='ocrx_word' id='word_1_62' title='bbox 555 1305 724 1370; x_wconf 83' lang='lat' dir='ltr'><strong>magis</strong></span> <span class='ocrx_word' id='word_1_63' title='bbox 763 1306 1168 1352; x_wconf 82' lang='lat' dir='ltr'><strong>convenientem</strong></span> <span class='ocrx_word' id='word_1_64' title='bbox 1222 1303 1489 1367; x_wconf 72' lang='lat' dir='ltr'><strong>putabam.</strong></span> 
     </span>
    </p>

    <p class='ocr_par' dir='ltr' id='par_1_4' title="bbox 289 1412 1941 1591">
     <span class='ocr_line' id='line_1_12' title="bbox 415 1412 1940 1484; baseline 0.003 -21"><span class='ocrx_word' id='word_1_65' title='bbox 415 1412 626 1464; x_wconf 83' lang='lat' dir='ltr'><strong>Plantas</strong></span> <span class='ocrx_word' id='word_1_66' title='bbox 680 1420 903 1467; x_wconf 87' lang='lat' dir='ltr'><strong>rariores</strong></span> <span class='ocrx_word' id='word_1_67' title='bbox 956 1418 1144 1467; x_wconf 70' lang='lat' dir='ltr'><strong>Florae</strong></span> <span class='ocrx_word' id='word_1_68' title='bbox 1187 1426 1407 1479; x_wconf 23' lang='lat' dir='ltr'><strong>&#39;nostrae</strong></span> <span class='ocrx_word' id='word_1_69' title='bbox 1457 1417 1700 1466; x_wconf 81' lang='lat' dir='ltr'><strong>asterisco</strong></span> <span class='ocrx_word' id='word_1_70' title='bbox 1736 1421 1940 1484; x_wconf 84' lang='lat' dir='ltr'><strong>notavi,</strong></span> 
     </span>
     <span class='ocr_line' id='line_1_13' title="bbox 289 1525 1941 1591; baseline 0.005 -18"><span class='ocrx_word' id='word_1_71' title='bbox 289 1525 490 1591; x_wconf 81' lang='lat' dir='ltr'><strong>quibus</strong></span> <span class='ocrx_word' id='word_1_72' title='bbox 523 1538 703 1579; x_wconf 84' lang='lat' dir='ltr'><strong>autem</strong></span> <span class='ocrx_word' id='word_1_73' title='bbox 741 1531 802 1579; x_wconf 86' lang='lat' dir='ltr'><strong>ab</strong></span> <span class='ocrx_word' id='word_1_74' title='bbox 847 1533 1027 1579; x_wconf 80' lang='lat' dir='ltr'><strong>amicis</strong></span> <span class='ocrx_word' id='word_1_75' title='bbox 1064 1532 1239 1578; x_wconf 78' lang='lat' dir='ltr'><strong>allatas</strong></span> <span class='ocrx_word' id='word_1_76' title='bbox 1273 1545 1583 1579; x_wconf 81' lang='lat' dir='ltr'><strong>annumero.</strong></span> <span class='ocrx_word' id='word_1_77' title='bbox 1620 1556 1682 1568; x_wconf 93' lang='lat'><strong>—-</strong></span> <span class='ocrx_word' id='word_1_78' title='bbox 1718 1532 1941 1582; x_wconf 88' lang='lat' dir='ltr'><strong>Charac-</strong></span> 
     </span>
    </p>

    <p class='ocr_par' dir='ltr' id='par_1_5' title="bbox 225 1644 1944 2167">
     <span class='ocr_line' id='line_1_14' title="bbox 260 1644 1938 1711; baseline 0.004 -22"><span class='ocrx_word' id='word_1_79' title='bbox 260 1650 430 1691; x_wconf 35' lang='lat' dir='ltr'><strong>‡teres</strong></span> <span class='ocrx_word' id='word_1_80' title='bbox 464 1645 741 1709; x_wconf 86' lang='lat' dir='ltr'><strong>genericos</strong></span> <span class='ocrx_word' id='word_1_81' title='bbox 774 1654 826 1693; x_wconf 86' lang='lat' dir='ltr'><strong>et</strong></span> <span class='ocrx_word' id='word_1_82' title='bbox 861 1644 1129 1710; x_wconf 82' lang='lat' dir='ltr'><strong>specificos</strong></span> <span class='ocrx_word' id='word_1_83' title='bbox 1173 1644 1331 1691; x_wconf 85' lang='lat' dir='ltr'><strong>omisi</strong></span> <span class='ocrx_word' id='word_1_84' title='bbox 1366 1679 1380 1703; x_wconf 92' lang='lat'><strong>,</strong></span> <span class='ocrx_word' id='word_1_85' title='bbox 1438 1660 1504 1690; x_wconf 84' lang='lat' dir='ltr'><strong>ne</strong></span> <span class='ocrx_word' id='word_1_86' title='bbox 1547 1646 1702 1692; x_wconf 74' lang='lat' dir='ltr'><strong>toties</strong></span> <span class='ocrx_word' id='word_1_87' title='bbox 1745 1649 1938 1711; x_wconf 84' lang='lat' dir='ltr'><strong>scripta</strong></span> 
     </span>
     <span class='ocr_line' id='line_1_15' title="bbox 225 1756 1944 1825; baseline 0.004 -23"><span class='ocrx_word' id='word_1_88' title='bbox 225 1792 235 1794; x_wconf 28' lang='grc' dir='ltr'><em>ψ</em></span> <span class='ocrx_word' id='word_1_89' title='bbox 295 1756 492 1805; x_wconf 89' lang='lat' dir='ltr'><strong>iterum</strong></span> <span class='ocrx_word' id='word_1_90' title='bbox 528 1759 833 1825; x_wconf 86' lang='lat' dir='ltr'><strong>iterumque</strong></span> <span class='ocrx_word' id='word_1_91' title='bbox 871 1758 1238 1819; x_wconf 78' lang='lat' dir='ltr'><strong>describerem,</strong></span> <span class='ocrx_word' id='word_1_92' title='bbox 1277 1772 1448 1820; x_wconf 82' lang='lat' dir='ltr'><strong>neque</strong></span> <span class='ocrx_word' id='word_1_93' title='bbox 1480 1760 1829 1823; x_wconf 80' lang='lat' dir='ltr'><strong>opusculum,</strong></span> <span class='ocrx_word' id='word_1_94' title='bbox 1865 1762 1944 1809; x_wconf 89' lang='lat' dir='ltr'><strong>id-</strong></span> 
     </span>
     <span class='ocr_line' id='line_1_16' title="bbox 285 1871 1939 1938; baseline 0.004 -21"><span class='ocrx_word' id='word_1_95' title='bbox 285 1885 390 1934; x_wconf 87' lang='lat' dir='ltr'><strong>que</strong></span> <span class='ocrx_word' id='word_1_96' title='bbox 428 1871 705 1936; x_wconf 88' lang='lat' dir='ltr'><strong>inutiliter,</strong></span> <span class='ocrx_word' id='word_1_97' title='bbox 722 1875 777 1921; x_wconf 90' lang='lat' dir='ltr'><strong>in</strong></span> <span class='ocrx_word' id='word_1_98' title='bbox 813 1874 1007 1920; x_wconf 86' lang='lat' dir='ltr'><strong>molem</strong></span> <span class='ocrx_word' id='word_1_99' title='bbox 1045 1882 1379 1926; x_wconf 77' lang='lat' dir='ltr'><strong>accresceret3</strong></span> <span class='ocrx_word' id='word_1_100' title='bbox 1418 1873 1601 1920; x_wconf 69' lang='lat' dir='ltr'><strong>eadem</strong></span> <span class='ocrx_word' id='word_1_101' title='bbox 1642 1873 1746 1920; x_wconf 83' lang='lat' dir='ltr'><strong>fuit</strong></span> <span class='ocrx_word' id='word_1_102' title='bbox 1769 1891 1939 1938; x_wconf 86' lang='lat' dir='ltr'><strong>causa,</strong></span> 
     </span>
     <span class='ocr_line' id='line_1_17' title="bbox 287 1986 1941 2052; baseline 0.005 -21"><span class='ocrx_word' id='word_1_103' title='bbox 287 1999 380 2031; x_wconf 86' lang='lat' dir='ltr'><strong>cur</strong></span> <span class='ocrx_word' id='word_1_104' title='bbox 419 1986 725 2052; x_wconf 86' lang='lat' dir='ltr'><strong>graminum</strong></span> <span class='ocrx_word' id='word_1_105' title='bbox 762 1989 991 2035; x_wconf 87' lang='lat' dir='ltr'><strong>caricum</strong></span> <span class='ocrx_word' id='word_1_106' title='bbox 1030 2001 1422 2051; x_wconf 85' lang='lat' dir='ltr'><strong>paucarumque</strong></span> <span class='ocrx_word' id='word_1_107' title='bbox 1466 1987 1690 2036; x_wconf 80' lang='lat' dir='ltr'><strong>aliarum</strong></span> <span class='ocrx_word' id='word_1_108' title='bbox 1725 1993 1941 2051; x_wconf 82' lang='lat' dir='ltr'><strong>synoni-</strong></span> 
     </span>
     <span class='ocr_line' id='line_1_18' title="bbox 285 2100 886 2167; baseline 0.005 -22"><span class='ocrx_word' id='word_1_109' title='bbox 285 2113 372 2148; x_wconf 81' lang='lat' dir='ltr'><strong>ma</strong></span> <span class='ocrx_word' id='word_1_110' title='bbox 408 2107 620 2147; x_wconf 83' lang='lat' dir='ltr'><strong>tantum</strong></span> <span class='ocrx_word' id='word_1_111' title='bbox 658 2100 886 2167; x_wconf 80' lang='lat' dir='ltr'><strong>alligavi,</strong></span> 
     </span>
    </p>

    <p class='ocr_par' dir='ltr' id='par_1_6' title="bbox 287 2213 1943 2734">
     <span class='ocr_line' id='line_1_19' title="bbox 420 2213 1942 2280; baseline 0.003 -19"><span class='ocrx_word' id='word_1_112' title='bbox 420 2213 577 2261; x_wconf 81' lang='lat' dir='ltr'><strong>Hisce</strong></span> <span class='ocrx_word' id='word_1_113' title='bbox 613 2217 915 2279; x_wconf 85' lang='lat' dir='ltr'><strong>praemissis</strong></span> <span class='ocrx_word' id='word_1_114' title='bbox 951 2218 1260 2265; x_wconf 83' lang='lat' dir='ltr'><strong>memineris</strong></span> <span class='ocrx_word' id='word_1_115' title='bbox 1298 2231 1507 2280; x_wconf 84' lang='lat' dir='ltr'><strong>quaeso,</strong></span> <span class='ocrx_word' id='word_1_116' title='bbox 1543 2217 1730 2264; x_wconf 83' lang='lat' dir='ltr'><strong>unicae</strong></span> <span class='ocrx_word' id='word_1_117' title='bbox 1783 2228 1942 2266; x_wconf 83' lang='lat' dir='ltr'><strong>aesta-</strong></span> 
     </span>
     <span class='ocr_line' id='line_1_20' title="bbox 291 2325 1942 2395; baseline 0.003 -20"><span class='ocrx_word' id='word_1_118' title='bbox 291 2326 361 2376; x_wconf 80' lang='lat' dir='ltr'><strong>tis</strong></span> <span class='ocrx_word' id='word_1_119' title='bbox 396 2325 576 2375; x_wconf 87' lang='lat' dir='ltr'><strong>labore</strong></span> <span class='ocrx_word' id='word_1_120' title='bbox 616 2330 996 2395; x_wconf 85' lang='lat' dir='ltr'><strong>vegetabilium</strong></span> <span class='ocrx_word' id='word_1_121' title='bbox 1037 2329 1586 2395; x_wconf 82' lang='lat' dir='ltr'><strong>circaWirceburgum</strong></span> <span class='ocrx_word' id='word_1_122' title='bbox 1615 2340 1800 2393; x_wconf 85' lang='lat' dir='ltr'><strong>sponte</strong></span> <span class='ocrx_word' id='word_1_123' title='bbox 1826 2348 1942 2380; x_wconf 84' lang='lat' dir='ltr'><strong>nas-</strong></span> 
     </span>
     <span class='ocr_line' id='line_1_21' title="bbox 287 2437 1940 2508; baseline 0.006 -23"><span class='ocrx_word' id='word_1_124' title='bbox 287 2439 523 2488; x_wconf 85' lang='lat' dir='ltr'><strong>ccntium</strong></span> <span class='ocrx_word' id='word_1_125' title='bbox 582 2443 1044 2491; x_wconf 84' lang='lat' dir='ltr'><strong>enumerationem</strong></span> <span class='ocrx_word' id='word_1_126' title='bbox 1090 2437 1427 2508; x_wconf 79' lang='lat' dir='ltr'><strong>nequaquam</strong></span> <span class='ocrx_word' id='word_1_127' title='bbox 1485 2443 1770 2506; x_wconf 79' lang='lat' dir='ltr'><strong>perfectam</strong></span> <span class='ocrx_word' id='word_1_128' title='bbox 1825 2445 1940 2496; x_wconf 81' lang='lat' dir='ltr'><strong>fieri</strong></span> 
     </span>
     <span class='ocr_line' id='line_1_22' title="bbox 289 2553 1943 2624; baseline 0.001 -23"><span class='ocrx_word' id='word_1_129' title='bbox 289 2553 567 2619; x_wconf 73' lang='lat' dir='ltr'><strong>potuisse,</strong></span> <span class='ocrx_word' id='word_1_130' title='bbox 621 2568 743 2601; x_wconf 91' lang='lat' dir='ltr'><strong>cum</strong></span> <span class='ocrx_word' id='word_1_131' title='bbox 777 2555 882 2604; x_wconf 86' lang='lat' dir='ltr'><strong>nisi</strong></span> <span class='ocrx_word' id='word_1_132' title='bbox 919 2572 946 2603; x_wconf 87' lang='lat' dir='ltr'><strong>a</strong></span> <span class='ocrx_word' id='word_1_133' title='bbox 981 2572 1068 2603; x_wconf 90' lang='lat' dir='ltr'><strong>me</strong></span> <span class='ocrx_word' id='word_1_134' title='bbox 1102 2557 1218 2622; x_wconf 87' lang='lat' dir='ltr'><strong>ipso</strong></span> <span class='ocrx_word' id='word_1_135' title='bbox 1258 2555 1468 2604; x_wconf 83' lang='lat' dir='ltr'><strong>collecta</strong></span> <span class='ocrx_word' id='word_1_136' title='bbox 1509 2556 1724 2620; x_wconf 84' lang='lat' dir='ltr'><strong>(paucis</strong></span> <span class='ocrx_word' id='word_1_137' title='bbox 1759 2574 1943 2624; x_wconf 78' lang='lat' dir='ltr'><strong>excep.</strong></span> 
     </span>
     <span class='ocr_line' id='line_1_23' title="bbox 292 2666 1943 2734; baseline 0.006 -21"><span class='ocrx_word' id='word_1_138' title='bbox 292 2666 387 2730; x_wconf 86' lang='lat' dir='ltr'><strong>tis)</strong></span> <span class='ocrx_word' id='word_1_139' title='bbox 421 2673 474 2714; x_wconf 86' lang='lat' dir='ltr'><strong>et</strong></span> <span class='ocrx_word' id='word_1_140' title='bbox 505 2667 805 2715; x_wconf 83' lang='lat' dir='ltr'><strong>examinata</strong></span> <span class='ocrx_word' id='word_1_141' title='bbox 839 2670 1161 2730; x_wconf 85' lang='lat' dir='ltr'><strong>notaverim;</strong></span> <span class='ocrx_word' id='word_1_142' title='bbox 1197 2670 1398 2734; x_wconf 85' lang='lat' dir='ltr'><strong>primae</strong></span> <span class='ocrx_word' id='word_1_143' title='bbox 1425 2679 1633 2716; x_wconf 83' lang='lat' dir='ltr'><strong>tantum</strong></span> <span class='ocrx_word' id='word_1_144' title='bbox 1676 2683 1799 2722; x_wconf 86' lang='lat' dir='ltr'><strong>sunt</strong></span> <span class='ocrx_word' id='word_1_145' title='bbox 1821 2675 1943 2723; x_wconf 79' lang='lat' dir='ltr'><strong>Flo-</strong></span> 
     </span>
    </p>
   </div>
   <div class='ocr_carea' id='block_1_3' title="bbox 291 2779 1943 2849">
    <p class='ocr_par' dir='ltr' id='par_1_7' title="bbox 291 2779 1943 2849">
     <span class='ocr_line' id='line_1_24' title="bbox 291 2779 1943 2849; baseline 0.006 -23"><span class='ocrx_word' id='word_1_146' title='bbox 291 2794 380 2827; x_wconf 84' lang='lat' dir='ltr'><strong>rae</strong></span> <span class='ocrx_word' id='word_1_147' title='bbox 419 2779 625 2842; x_wconf 84' lang='lat' dir='ltr'><strong>lineae,</strong></span> <span class='ocrx_word' id='word_1_148' title='bbox 662 2795 792 2844; x_wconf 88' lang='lat' dir='ltr'><strong>quas</strong></span> <span class='ocrx_word' id='word_1_149' title='bbox 828 2780 1189 2846; x_wconf 85' lang='lat' dir='ltr'><strong>botanophilis</strong></span> <span class='ocrx_word' id='word_1_150' title='bbox 1224 2783 1373 2832; x_wconf 84' lang='lat' dir='ltr'><strong>trado</strong></span> <span class='ocrx_word' id='word_1_151' title='bbox 1397 2819 1413 2847; x_wconf 92' lang='lat'><strong>,</strong></span> <span class='ocrx_word' id='word_1_152' title='bbox 1455 2798 1687 2849; x_wconf 88' lang='lat' dir='ltr'><strong>quasque</strong></span> <span class='ocrx_word' id='word_1_153' title='bbox 1722 2787 1878 2836; x_wconf 84' lang='lat' dir='ltr'><strong>novis</strong></span> <span class='ocrx_word' id='word_1_154' title='bbox 1913 2805 1943 2836; x_wconf 86' lang='lat' dir='ltr'><strong>a</strong></span> 
     </span>
    </p>
   </div>
   <div class='ocr_carea' id='block_1_4' title="bbox 278 2893 1318 2964">
    <p class='ocr_par' dir='ltr' id='par_1_8' title="bbox 278 2893 1318 2964">
     <span class='ocr_line' id='line_1_25' title="bbox 278 2893 1318 2964; baseline 0.006 -24"><span class='ocrx_word' id='word_1_155' title='bbox 278 2905 381 2940; x_wconf 71' lang='lat' dir='ltr'><strong>nie</strong></span> <span class='ocrx_word' id='word_1_156' title='bbox 415 2893 660 2942; x_wconf 86' lang='lat' dir='ltr'><strong>nondum</strong></span> <span class='ocrx_word' id='word_1_157' title='bbox 695 2895 890 2943; x_wconf 79' lang='lat' dir='ltr'><strong>notatis</strong></span> <span class='ocrx_word' id='word_1_158' title='bbox 923 2897 1106 2964; x_wconf 84' lang='lat' dir='ltr'><strong>augeri</strong></span> <span class='ocrx_word' id='word_1_159' title='bbox 1140 2897 1318 2962; x_wconf 76' lang='lat' dir='ltr'><strong>cupio,</strong></span> 
     </span>
    </p>
   </div>
   <div class='ocr_carea' id='block_1_5' title="bbox 871 3061 1365 3080">
    <p class='ocr_par' dir='ltr' id='par_1_9' title="bbox 871 3061 1365 3080">
     <span class='ocr_line' id='line_1_26' title="bbox 871 3061 1365 3080; baseline 0.006 -2"><span class='ocrx_word' id='word_1_160' title='bbox 871 3061 1365 3080; x_wconf 52' lang='lat'><strong>*⁸*—</strong></span> 
     </span>
    </p>
   </div>
  </div>
 </body>
</html>
